<record xmlns="http://www.openarchives.org/OAI/2.0/" xmlns:xsi="http://www.w3.org/2001/XMLSchema-instance"><header><identifier>oai:alma.34CSIC_INST:990012276870204201</identifier><datestamp>2020-02-06T08:41:03Z</datestamp><setSpec>manuscripta</setSpec></header><metadata><record xmlns="http://www.loc.gov/MARC21/slim" xmlns:xsi="http://www.w3.org/2001/XMLSchema-instance" xsi:schemaLocation="http://www.loc.gov/MARC21/slim http://www.loc.gov/standards/marcxml/schema/MARC21slim.xsd"><leader>08790ntm a2200673 i 4500</leader><controlfield tag="005">20181031100348.0</controlfield><controlfield tag="008">100406q13391349sp            000 0 ara d</controlfield><controlfield tag="001">990012276870204201</controlfield><datafield tag="035" ind1=" " ind2=" "><subfield code="a">CSIC001227687</subfield></datafield><datafield tag="035" ind1=" " ind2=" "><subfield code="a">(ES-MaCSI)001227687MAD01-Aleph</subfield></datafield><datafield tag="035" ind1=" " ind2=" "><subfield code="a">(OCoLC)1123835274
</subfield></datafield><datafield tag="040" ind1=" " ind2=" "><subfield code="a">ES-MaCSI</subfield><subfield code="b">spa</subfield></datafield><datafield tag="080" ind1=" " ind2=" "><subfield code="a">091(=411.21)</subfield></datafield><datafield tag="080" ind1=" " ind2=" "><subfield code="a">28</subfield></datafield><datafield tag="080" ind1=" " ind2=" "><subfield code="a">(038)=411.21</subfield></datafield><datafield tag="100" ind1="1" ind2=" "><subfield code="a">[محمد بن حسن الزبيدي]</subfield></datafield><datafield tag="245" ind1="1" ind2="0"><subfield code="a">[مختصر كتاب العين]</subfield><subfield code="h">[Manuscrito]</subfield></datafield><datafield tag="260" ind1=" " ind2=" "><subfield code="a">[S.l.],</subfield><subfield code="c">1339-1349 [740-749/1339-1349].</subfield></datafield><datafield tag="300" ind1=" " ind2=" "><subfield code="a">107 ff. y uno de guarda (1 col. 30 líneas por pág.) :</subfield><subfield code="b">Papel tratado ;</subfield><subfield code="c">30,5x20 (caja: 24x15 cm.).</subfield></datafield><datafield tag="490" ind1="0" ind2=" "><subfield code="a">Manuscripta</subfield></datafield><datafield tag="500" ind1=" " ind2=" "><subfield code="a">Incipit: فان كرّر الهرير قلت عجَعج ويقال عجَعَجَت بالناقة اذا عطفتها الى شي وَالعَجَاجُ الغبار</subfield></datafield><datafield tag="500" ind1=" " ind2=" "><subfield code="a">Explicit:اليَاء حرف هجا وهي من تاليف يا وواو ويا وتحقيرها يُوَية والواو من [...] ويا وواو وتحقيرها ويية ويقال وَاو مُوَاْوَأَة كراهة اتصال الوَاوَات والياءات.</subfield></datafield><datafield tag="500" ind1=" " ind2=" "><subfield code="a">Tinta negra.</subfield></datafield><datafield tag="500" ind1=" " ind2=" "><subfield code="a">Copista: Faray b. ,Abd Allah b. Faray b. ,Abd al- ,Aziz. فرج بن عبد الله بن فرج بن عبد العزيز</subfield></datafield><datafield tag="500" ind1=" " ind2=" "><subfield code="a">Colofón: انقضا حرفا اليا بتمام جميع الحروف فتم جميع الديوان بحمد الله وعونه وصلى [...] محمد نبيه وعبده ورسوله وعلى اله وسلم تسليما و كان الفَراغ مِنه يوم الاحد في عقب شهر [يونيو] [...] اربعين وسبع ماية على يدي كاتبه فرج بن عبد الله بن فرج بن عبد العزيز بقرية [...] انتسخ من ام ذكر ناسخها انه انتسخها من ام سقيمة كثيرة الخلل والعِلة.</subfield></datafield><datafield tag="500" ind1=" " ind2=" "><subfield code="a">Características especiales: Acéfalo. El copista indica en el colofón que el original tenía muchos errores y defectos.</subfield></datafield><datafield tag="500" ind1=" " ind2=" "><subfield code="a">Ilustración: No.</subfield></datafield><datafield tag="500" ind1=" " ind2=" "><subfield code="a">Ilustraciones: Hoja de guarda delantera: 5 pájaros entre las dos columnas del índice.</subfield></datafield><datafield tag="500" ind1=" " ind2=" "><subfield code="a">Tipo de cuaderno: Cuadernos de 5 bifolios.</subfield></datafield><datafield tag="500" ind1=" " ind2=" "><subfield code="a">Deterioros generales: Sin encuadernación, gran parte del volumen descosido, y una gran mancha de humedad que ha afectado gravemente a la mayoría de las hojas, y ha deteriorado el texto.</subfield></datafield><datafield tag="500" ind1=" " ind2=" "><subfield code="a">H. en blanco: No.</subfield></datafield><datafield tag="500" ind1=" " ind2=" "><subfield code="a">H. dañadas, mutiladas, sueltas: Sueltas: 8, 9, 39, 41, 60, 5 sin numerar, las 12 últimas. Dañadas: últimas 40. Mutiladas: 39, 20 últimas por humedad.</subfield></datafield><datafield tag="500" ind1=" " ind2=" "><subfield code="a">H. faltan o añadidas: 30-38, 40, 42-59.</subfield></datafield><datafield tag="500" ind1=" " ind2=" "><subfield code="a">Foliación: 1-104. A tinta en el margen superior derecho. Desde el folio 104, no se aprecia por la mancha de humedad.</subfield></datafield><datafield tag="500" ind1=" " ind2=" "><subfield code="a">Reclamos: No.</subfield></datafield><datafield tag="500" ind1=" " ind2=" "><subfield code="a">Signatura de cuaderno: No.</subfield></datafield><datafield tag="500" ind1=" " ind2=" "><subfield code="a">Pautado: No se aprecia. Distancia interlineal muy regular: 0,8-0,9 cm.</subfield></datafield><datafield tag="500" ind1=" " ind2=" "><subfield code="a">Filigrana: Bifolios 2-7, 3-6, 11-18, 14-15, 21-28, 23-26, 61-68, 64-65, 71-78, 82-87: carro de dos ruedas similar a Briquet nº3532.</subfield></datafield><datafield tag="500" ind1=" " ind2=" "><subfield code="a">Signatura antigua: XLIX f.2r: sello azul y blanco pegado con nº49. Hoja de guarda: papel blanco pegado: “49=83”. Junta 49</subfield></datafield><datafield tag="500" ind1=" " ind2=" "><subfield code="a">Anotaciones: Gran cantidad de notas marginales contemporáneas y posteriores. Hoja de guarda: anotaciones en aljamiado y árabe e índice de la obra. Verso del último folio: anotaciones en árabe y aljamiado.</subfield></datafield><datafield tag="510" ind1="3" ind2=" "><subfield code="a">Descripción: J. Ribera y M. Asín (dirs.), Manuscritos árabes y aljamiados de la biblioteca de la Junta: noticia y extractos, Madrid: Junta para la ampliación de Estudios e Investigaciones Científicas, 1912, 185-86.</subfield></datafield><datafield tag="510" ind1="4" ind2=" "><subfield code="a">Bibliografía: J. Ribera y M. Asín (dirs.), Manuscritos árabes y aljamiados de la biblioteca de la Junta: noticia y extractos, Madrid: Junta para la ampliación de Estudios e Investigaciones Científicas, 1912, 185-186.</subfield></datafield><datafield tag="520" ind1="2" ind2=" "><subfield code="a">Compendio del Kitab al-,ayn de al-Jalil por M. b. al-H. az-Zubaidi al-Isbili (GAL, I, 139). Una copia de la segunda parte de esta obra se conserva en el manuscrito RESC 35.</subfield></datafield><datafield tag="530" ind1=" " ind2=" "><subfield code="a">Mª del P. Martínez Olmo, Colección de manuscritos árabes y aljamiados de la Biblioteca del Instituto de Filología del CSIC, Instituto de Filología CSIC, Madrid, 1998 (4 Cd-Rom), CD 3. -Instituto Miguel Asín de Estudios Arabes, Colección de manuscritos árabes y aljamiados, Microforma, Madrid: 1983-84, 25 rollos, Ms. 47-50.</subfield></datafield><datafield tag="541" ind1=" " ind2=" "><subfield code="a">Procedencia: Almonacid de la Sierra. Pablo Gil. Sección Árabe Centro de Estudios Históricos (JAE). Escuela de Estudios Árabes de Madrid. Instituto de Filología, CSIC.</subfield><subfield code="d">Ingreso: Junio de 1910.</subfield></datafield><datafield tag="546" ind1=" " ind2=" "><subfield code="a">Árabe</subfield><subfield code="b">con escritura magrebí</subfield></datafield><datafield tag="563" ind1=" " ind2=" "><subfield code="a">Carece de enc.</subfield></datafield><datafield tag="595" ind1=" " ind2=" "><subfield code="a">No.</subfield></datafield><datafield tag="650" ind1=" " ind2="7"><subfield code="a">Manuscritos árabes.</subfield><subfield code="2">CSICAU</subfield></datafield><datafield tag="650" ind1=" " ind2="7"><subfield code="a">Manuscritos aljamiados.</subfield><subfield code="2">CSICAU</subfield></datafield><datafield tag="650" ind1=" " ind2="7"><subfield code="a">Islam.</subfield><subfield code="2">CSICAU</subfield></datafield><datafield tag="650" ind1=" " ind2="7"><subfield code="a">Arabe</subfield><subfield code="v">Diccionarios.</subfield><subfield code="2">CSICAU</subfield></datafield><datafield tag="700" ind1="1" ind2=" "><subfield code="a">[Muhammad b. Hasan al-Zubaydi]</subfield></datafield><datafield tag="700" ind1="1" ind2=" "><subfield code="a">فرج بن عبد الله بن فرج بن عبد العزيز</subfield></datafield><datafield tag="700" ind1="1" ind2=" "><subfield code="a">Faray b. ,Abd Allah b. Faray b. ,Abd al- ,Aziz</subfield><subfield code="e">copista</subfield></datafield><datafield tag="740" ind1="0" ind2=" "><subfield code="a">[Mujtasar kitab al-,ayn]</subfield></datafield><datafield tag="830" ind1=" " ind2="0"><subfield code="a">Manuscripta</subfield></datafield><datafield tag="856" ind1="4" ind2="1"><subfield code="u">http://aleph.csic.es/imagenes/mad01/0006_PMSC/P_001227687_651250_V00.pdf</subfield><subfield code="z">Descargar Pdf completo (35M)</subfield><subfield code="m">CSIC</subfield></datafield><datafield tag="856" ind1="4" ind2="1"><subfield code="u">http://simurg.bibliotecas.csic.es/viewer/image/CSIC001227687/1/</subfield><subfield code="z">Ver texto completo en SIMURG, el portal de fondos digitalizados del CSIC</subfield><subfield code="m">CSIC</subfield></datafield><datafield tag="856" ind1="4" ind2="1"><subfield code="u">http://aleph.csic.es/imagenes/mad01/0006_PMSC/html/001227687.html</subfield><subfield code="z">Ver texto completo en Bookreader</subfield></datafield></record></metadata></record>